<record><leader>00000cas a22000007a 4500</leader><controlfield tag="001">12094827</controlfield><controlfield tag="008">850530d19231929wiuwr ne      0    0eng d</controlfield><datafield ind1=" " ind2=" " tag="010"><subfield code="a">sn 85040763 </subfield></datafield><datafield ind1=" " ind2=" " tag="040"><subfield code="a">NPV</subfield><subfield code="b">eng</subfield><subfield code="c">NPV</subfield><subfield code="d">OCLCQ</subfield></datafield><datafield ind1=" " ind2=" " tag="042"><subfield code="a">msc</subfield></datafield><datafield ind1="0" ind2="4" tag="245"><subfield code="a">The Waupun news.</subfield></datafield><datafield ind1=" " ind2=" " tag="260"><subfield code="a">Waupun, Wis. :</subfield><subfield code="b">Hamley &amp; Nickerson,</subfield><subfield code="c">1923-</subfield></datafield><datafield ind1=" " ind2=" " tag="300"><subfield code="a">v. :</subfield><subfield code="b">ill.</subfield></datafield><datafield ind1=" " ind2=" " tag="310"><subfield code="a">Weekly</subfield></datafield><datafield ind1="0" ind2=" " tag="362"><subfield code="a">Vol. 24, no. 22 [sic] (July 6 [i.e. 13], 1923)-</subfield></datafield><datafield ind1="1" ind2=" " tag="362"><subfield code="a">Ceased with Jan. 31, 1929 issue.</subfield><subfield code="z">Cf. Oehlerts, d. Guide to Wis. newspapers.</subfield></datafield><datafield ind1=" " ind2=" " tag="500"><subfield code="a">Publisher varies.</subfield></datafield><datafield ind1=" " ind2=" " tag="752"><subfield code="a">United States</subfield><subfield code="b">Wisconsin</subfield><subfield code="c">Dodge</subfield><subfield code="d">Waupun.</subfield></datafield><datafield ind1=" " ind2=" " tag="752"><subfield code="a">United States</subfield><subfield code="b">Wisconsin</subfield><subfield code="c">Fond du Lac</subfield><subfield code="d">Waupun.</subfield></datafield><datafield ind1="0" ind2="0" tag="780"><subfield code="t">Waupun democrat</subfield><subfield code="w">(DLC)sn 85040764</subfield></datafield><datafield ind1="0" ind2="7" tag="785"><subfield code="t">Waupun leader</subfield><subfield code="w">(DLC)sn 85033298</subfield></datafield><datafield ind1="0" ind2="7" tag="785"><subfield code="t">Waupun leader-news</subfield><subfield code="w">(DLC)sn 86086344</subfield></datafield></record>